@book{huang2001spoken,
  title={Spoken Language Processing: A Guide to Theory, Algorithm, and System Development},
  author={Huang, X. and Acero, A. and Hon, H.W.},
  isbn={9780130226167},
  lccn={00050196},
  url={https://books.google.cz/books?id=reZQAAAAMAAJ},
  year={2001},
  publisher={Prentice Hall PTR}
}
pp. 955-991.
@book{egan1948test,
  title={Articulation Testing Methods},
  author={Egan, J.},
  isbn={},
  lccn={},
  url={},
  year={1948},
  publisher={Laryngoscope}
}
ESPRIT SAM-UCL-042.
@book{howard92test,
  title={SOAP, Speech Output Assessment Package},
  author={Howard-Jones, P.},
  isbn={},
  lccn={},
  url={},
  year={1992},
  publisher={}
}
@book{nye74test,
  title={The Intelligibility of Synthetic Monosyllabic Words in Short, Syn-
tactically Normal Sentences},
  author={Nye, P. and J. Gaitenby},
  isbn={},
  lccn={},
  url={},
  year={1974},
  publisher={Haskins Laboratories}
}
@book{,
  title={},
  author={},
  isbn={},
  lccn={},
  url={},
  year={},
  publisher={}
}